<collection xmlns="http://www.loc.gov/MARC21/slim">
<record>
  <leader>01456nam0a2200229 i 450 </leader>
  <controlfield tag="001">IT\ICCU\CNCE\007333</controlfield>
  <controlfield tag="005">20041202000000.0</controlfield>
  <datafield tag="012" ind1=" " ind2=" ">
    <subfield code="a">noto o,o, e.e. StCh (C) 1590 (R)</subfield>
    <subfield code="2">fei</subfield>
  </datafield>
  <datafield tag="100" ind1=" " ind2=" ">
    <subfield code="a">19970101d1590        0itac0103    ba</subfield>
  </datafield>
  <datafield tag="101" ind1=" " ind2=" ">
    <subfield code="a">ITA</subfield>
  </datafield>
  <datafield tag="102" ind1=" " ind2=" ">
    <subfield code="a">IT</subfield>
  </datafield>
  <datafield tag="200" ind1="1" ind2=" ">
    <subfield code="a">Esempii, et ammaestramenti de molti ch&apos;hanno fatto donatione per instrumento. A essemplar beneficio d&apos;ogn&apos;vno, acci ̣non si ritroui auolto ne gl&apos;affetti delle presenti figure nel farla, aprendo bene gl&apos;occhi alle simonie, astutie, &amp; promesse fatte al donatore dal donante. Composto da prete Baldessar Bouero da Castel Nuouo, diocese di Tortona, &amp; ora nouamente ricorretto di molte incorrettioni, con l&apos;agionta di molti versi, &amp; documenti alle figure, dell&apos;istesso auttore</subfield>
  </datafield>
  <datafield tag="210" ind1=" " ind2=" ">
    <subfield code="a">In Milano</subfield>
    <subfield code="c">appresso Giacomo Piccaglia</subfield>
    <subfield code="d">&amp; Gratiadio Ferioli compagni</subfield>
    <subfield code="d">1590</subfield>
  </datafield>
  <datafield tag="215" ind1=" " ind2=" ">
    <subfield code="a">\12! c.</subfield>
    <subfield code="c">ill.</subfield>
    <subfield code="d">4ʻ</subfield>
  </datafield>
  <datafield tag="620" ind1=" " ind2=" ">
    <subfield code="a">IT</subfield>
    <subfield code="d">Milano</subfield>
  </datafield>
  <datafield tag="700" ind1=" " ind2="1">
    <subfield code="a">Bovero,</subfield>
    <subfield code="b">Baldassarre</subfield>
    <subfield code="3">IT\ICCU\CNCA\001964</subfield>
  </datafield>
  <datafield tag="712" ind1="0" ind2="0">
    <subfield code="a">Piccaglia, Giacomo &amp; Ferioli, Graziadio</subfield>
    <subfield code="3">IT\ICCU\CNCT\001034</subfield>
    <subfield code="4">650</subfield>
  </datafield>
  <datafield tag="791" ind1="0" ind2="0">
    <subfield code="a">Picaleus, Iacobus &amp; Feriolus, Gratiadeus</subfield>
    <subfield code="3">IT\ICCU\CNCT\002510</subfield>
    <subfield code="z">Piccaglia, Giacomo &amp; Ferioli, Graziadio</subfield>
  </datafield>
  <datafield tag="801" ind1=" " ind2="3">
    <subfield code="a">IT</subfield>
    <subfield code="b">ICCU</subfield>
    <subfield code="c">20201113</subfield>
  </datafield>
  <datafield tag="899" ind1=" " ind2=" ">
    <subfield code="a">Biblioteca comunale Forteguerriana. Pistoia</subfield>
    <subfield code="1">PT0025</subfield>
    <subfield code="2">RT1 IE</subfield>
  </datafield>
  <datafield tag="911" ind1=" " ind2=" ">
    <subfield code="a">Sul front.</subfield>
    <subfield code="9">IT\ICCU\CNCM\002008</subfield>
  </datafield>
  <datafield tag="921" ind1=" " ind2=" ">
    <subfield code="a">IT\ICCU\CNCM\002008</subfield>
    <subfield code="b">Sole con volto umano.</subfield>
    <subfield code="e">Enitet insignis nouus et te maior Apollo</subfield>
    <subfield code="c">U580</subfield>
    <subfield code="d">Dimensioni: 2,8 x 2,8. Con o senza motto</subfield>
    <subfield code="f">SOLE</subfield>
    <subfield code="g">1588-1592</subfield>
  </datafield>
</record>
</collection>
